<record><leader>00000cas a2200000 a 4500</leader><controlfield tag="001">21214931</controlfield><controlfield tag="008">900314d19721991iluwr ne      0   a0eng c</controlfield><datafield ind1=" " ind2=" " tag="010"><subfield code="a">sn 90054537 </subfield></datafield><datafield ind1=" " ind2=" " tag="040"><subfield code="a">NVF</subfield><subfield code="b">eng</subfield><subfield code="c">NVF</subfield><subfield code="d">NVF</subfield><subfield code="d">OCLCQ</subfield><subfield code="d">NVF</subfield><subfield code="d">OCLCF</subfield><subfield code="d">OCLCO</subfield></datafield><datafield ind1=" " ind2=" " tag="042"><subfield code="a">pcc</subfield></datafield><datafield ind1=" " ind2=" " tag="043"><subfield code="a">n-us-il</subfield></datafield><datafield ind1="0" ind2="0" tag="245"><subfield code="a">Chenoa clipper times and Lexington unit journal.</subfield></datafield><datafield ind1="1" ind2=" " tag="246"><subfield code="i">Published as:</subfield><subfield code="a">Clipper times &amp; journal of Chenoa &amp; Lexington</subfield><subfield code="f">Nov. 10, 1977-Sept. 7, 1978</subfield></datafield><datafield ind1="1" ind2=" " tag="246"><subfield code="i">Published as:</subfield><subfield code="a">Chenoa clipper-times Lexington unit-journal</subfield><subfield code="f">Sept. 14, 1978-1991</subfield></datafield><datafield ind1="3" ind2="3" tag="246"><subfield code="a">Clipper times and journal of Chenoa and Lexington</subfield></datafield><datafield ind1="3" ind2="3" tag="246"><subfield code="a">Chenoa clipper times Lexington unit journal</subfield></datafield><datafield ind1=" " ind2=" " tag="260"><subfield code="a">Chenoa, Ill. :</subfield><subfield code="b">Kramer Pub. Co.,</subfield><subfield code="c">1972-1991.</subfield></datafield><datafield ind1=" " ind2=" " tag="310"><subfield code="a">Weekly</subfield></datafield><datafield ind1="0" ind2=" " tag="362"><subfield code="a">Vol. 73, no. 23 (Mar. 9, 1972)-v. 92, no. 33 (Apr. 24, 1991).</subfield></datafield><datafield ind1=" " ind2=" " tag="515"><subfield code="a">Continues the numbering of Chenoa clipper-times.</subfield></datafield><datafield ind1=" " ind2=" " tag="580"><subfield code="a">Formed by the union of: Chenoa clipper-times and: Lexington unit-journal.</subfield></datafield><datafield ind1=" " ind2="0" tag="651"><subfield code="a">Chenoa (Ill.)</subfield><subfield code="v">Newspapers.</subfield></datafield><datafield ind1=" " ind2="0" tag="651"><subfield code="a">Lexington (Ill.)</subfield><subfield code="v">Newspapers.</subfield></datafield><datafield ind1=" " ind2="7" tag="655"><subfield code="a">Newspapers.</subfield><subfield code="2">fast</subfield><subfield code="0">(OCoLC)fst01423814</subfield></datafield><datafield ind1=" " ind2="7" tag="651"><subfield code="a">Illinois</subfield><subfield code="z">Chenoa.</subfield><subfield code="2">fast</subfield><subfield code="0">(OCoLC)fst01278449</subfield></datafield><datafield ind1=" " ind2="7" tag="651"><subfield code="a">Illinois</subfield><subfield code="z">Lexington.</subfield><subfield code="2">fast</subfield><subfield code="0">(OCoLC)fst01278450</subfield></datafield><datafield ind1=" " ind2=" " tag="752"><subfield code="a">United States</subfield><subfield code="b">Illinois</subfield><subfield code="c">McLean</subfield><subfield code="d">Chenoa.</subfield></datafield><datafield ind1="1" ind2="4" tag="780"><subfield code="t">Chenoa clipper-times</subfield><subfield code="w">(DLC)sn 90054527</subfield><subfield code="w">(OCoLC)21214796</subfield></datafield><datafield ind1="1" ind2="4" tag="780"><subfield code="t">Lexington unit-journal</subfield><subfield code="w">(DLC)sn 90054532</subfield><subfield code="w">(OCoLC)21214848</subfield></datafield><datafield ind1="0" ind2="4" tag="785"><subfield code="t">Blade (Fairbury, Ill. : 1990)</subfield><subfield code="w">(DLC)sn 93055961</subfield><subfield code="w">(OCoLC)28716916</subfield></datafield></record>